2581 4320
765 228 967 308 «ὁὶ,-
1142 240 1239 312 17
1431 228 1616 307 uf&

383 340 744 420 Prouenit
774 341 865 418 ad
900 363 1156 417 muros
1189 339 1268 416 &
1300 337 1519 416 aedes
1544 334 1822 440 praedii
1851 334 2183 425 Patmos,

388 443 729 520 Difficilis
757 442 1036 541 planta,
1068 464 1285 539 quam
1316 438 1800 541 Cynogloffis
1827 463 1985 516 non
2014 441 2205 519 male

392 545 826 648 associarunt
882 563 1343 618 HALLERvs
1401 540 1483 616 &
1527 561 1923 615 scopon.

187 653 389 733 162.
446 655 556 728 Li
582 670 612 727 t
634 644 758 728 ho
777 646 881 753 sp
902 673 944 726 e
966 673 1000 725 r
1021 674 1100 725 m
1123 674 1171 727 u
1194 673 1275 727 m
1332 645 1689 743 officinale.

396 760 696 836 Habitat
728 759 804 832 in
834 756 1080 835 insulis
1118 779 1363 860 prope
1390 756 1672 833 Preetz.

184 893 241 961 Δ1
255 873 360 969 63
374 927 391 944 .
1156 914 1164 931 ,
1321 859 1638 972 araenst.

190 982 241 1064 '1
257 987 393 1087 64.
456 983 535 1062 A
549 1007 599 1062 n
618 1008 660 1062 c
679 978 734 1062 h
754 978 905 1061 usa
962 981 1337 1089 officinalis.

205 1127 241 1180 1
257 1105 309 1182 6
317 1124 363 1203 5
374 1159 392 1177 .
947 1094 1428 1206 angustifhliae.

397 1209 521 1287 Est·
551 1209 862 1286 varietas
908 1211 1203 1308 prioris.

203 1320 392 1400 166.
456 1322 580 1418 Cy
607 1316 888 1417 noglo
910 1313 1048 1394 ssu
1077 1342 1152 1394 m
1220 1313 1601 1420 ffcinale.
1689 1378 1708 1387 -

208 1439 392 1536 167.
451 1432 706 1515 Pulm
728 1459 779 1513 ο
799 1459 905 1513 na
931 1437 1069 1512 ria
1134 1429 1617 1542 angustifhliae.

206 1578 239 1633 1
254 1556 391 1649 68.
466 1616 475 1620 -
564 1572 589 1655 ᾗ
1044 1562 1049 1567 ’
1117 1545 1522 1653 officinalis.
1563 1544 1636 1623 υ)

210 1673 396 1770 169.
458 1673 505 1746 S
523 1692 667 1766 ym
686 1664 909 1769 phyt
929 1693 982 1745 u
1003 1692 1081 1744 m
1145 1661 1525 1770 officinale.

410 1776 918 1874 spontaneum
955 1772 1152 1873 apud
1189 1798 1329 1849 nos
1372 1776 1663 1871 semper
1703 1771 2010 1859 saturare
2059 1784 2222 1861 vio·

407 1876 692 1950 laceum
739 1872 858 1948 est.

217 2006 252 2062 1
267 2004 397 2087 70.
462 1976 542 2059 A
561 1979 660 2085 sp
678 2006 720 2060 e
736 2005 770 2057 r
789 2006 838 2058 u
853 2003 904 2080 g
919 2005 973 2058 0
1027 1972 1499 2084 procumbens.

426 2154 431 2166 x
460 2087 584 2167 Ad
617 2113 871 2166 muros
906 2115 980 2166 m
1010 2113 1211 2192 pago
1238 2088 1549 2180 Garten,
1567 2089 1645 2167 &
1670 2115 1914 2195 prope
1939 2096 2223 2177 Preetz.

344 2237 347 2240 ι
403 2190 647 2295 Calyx
684 2190 963 2267 frustus
1004 2189 1461 2289 compressus
1496 2194 1866 2291 optimum
1902 2195 2223 2299 suppeti-

217 2345 251 2384 .·
402 2292 528 2380 dat
555 2291 1093 2383 charasterem‚
1133 2294 1445 2390 quinon
1472 2294 1744 2368 turbari
1781 2294 2022 2373 debet.
2099 2299 2227 2374 Et·

328 2433 331 2434 ⁷
403 2416 511 2493 go
558 2391 955 2493 Asperugo
1012 2401 1391 2493 'aegyptiaca
1448 2415 1527 2467 ιι
1545 2416 1600 2467 N
1613 2417 1686 2467 N.
1738 2392 1815 2469 &
1855 2396 2225 2472 diutricata

403 2515 672 2568 uvRR.
723 2503 831 2569 uu)
889 2515 1044 2566 non
1105 2497 1265 2567 sunt
1317 2493 1533 2569 huius
1588 2496 1905 2593 generis.
2060 2497 2224 2578 Has

356 2617 362 2621 ·
413 2596 566 2694 ego
601 2590 691 2666 ad
726 2590 1144 2667 Auchusam
1182 2590 1453 2667 refero.

212 2699 403 2805 1711
461 2703 718 2799 Lyco
741 2696 914 2802 pfis
982 2697 1338 2797 aruenfis„

211 2846 252 2900 1
271 2821 406 2921 72.
465 2822 525 2895 E
543 2842 585 2895 c
605 2813 696 2894 hi
716 2842 766 2893 u
785 2841 890 2893 m·
915 2816 1246 2924 vulgare.

207 2961 248 3017 1
268 2957 404 3039 73.
464 2934 697 3013 Prim
716 2928 859 3011 ula
921 2937 1141 3011 veris.

933 3077 1005 3123 α.
1063 3044 1469 3154 qffi'cinaelis.

154 3269 161 3274 Δ
939 3164 1017 3255 β.
1072 3166 1343 3244 elatior.

216 3312 253 3367 1
275 3307 409 3388 74.
469 3289 560 3364 M
579 3310 621 3363 e
640 3309 687 3385 n
707 3307 805 3385 ya
831 3309 877 3362 n
898 3282 997 3363 th
1016 3309 1108 3363 es
1162 3278 1545 3386 t'rtfoliatae.

221 3426 414 3505 175.
476 3402 978 3482 Hottonia
1041 3399 1400 3512 palustris.
2093 3449 2102 3456 «
2209 3453 2218 3459 -

1212 3520 1278 3597 C
2039 3520 2230 3623 176.

310 3685 387 3768 v)
437 3685 848 3756 Pulmoraria
889 3688 1178 3745 maritima
1194 3727 1210 3755 ,
1257 3705 1427 3761 quae
1469 3686 1554 3750 ad
1595 3689 1818 3749 littora
1851 3689 2231 3776 Norvegiae

514 3767 837 3847 abundat,
872 3768 938 3828 in
971 3765 1194 3830 nostro
1230 3768 1537 3832 nondum
1570 3770 1725 3831 Ιεᾶει
1760 3767 1859 3836 est.

300 3852 423 3935 Lnu)
469 3858 648 3930 Nou.
682 3854 1070 3918 comment.
1097 3855 1319 3920 Goett.
1350 3857 1430 3922 Τ.
1465 3857 1604 3922 vu.
1634 3872 1696 3937 p·
1727 3867 1828 3931 25.
1854 3847 2023 3921 Tab.
2043 3869 2111 3925 η.
